@BOOK{Ski1994,
  title = {Foundations of Parallel Programming},
  publisher = {Cambridge University Press},
  year = {1994},
  author = {David B. Skillicorn},
  series = {Cambridge International Series on Parallel Computation}
}

@BOOK{Cole1989a,
  title = {Algorithmic Skeletons: Structured Management of Parallel Computation},
  publisher = {Pitman},
  year = {1989},
  author = {Murray Cole},
  series = {Research Monographs in Parallel and Distributed Computing},
  address = {London}
}

@INPROCEEDINGS{SanJan2003a,
  author = {Ingo Sander and Axel Jantsch and Zhonghai Lu},
  title = {Development and Application of Design Transformations in {ForSyDe}},
  booktitle = {Design, Automation and Test in Europe Conference (DATE 2003)},
  year = {2003},
  pages = {364--369},
  address = {Munich, Germany},
  month = {March},
  key = {Ingo, ForSyDe},
  doi = {10.1109/DATE.2003.1253635}, 
  OPTurl = {http://web.it.kth.se/~ingo/Papers/DATE2003.pdf},
  where = {B.23}
}

@MISC{ForSyDeWWW,
  title = {{ForSyDe}: A Methodology for {Formal System Design}},
  note = {\url{https://forsyde.github.io/}}
}

@Incollection{SanJan2017a,
author="Sander, Ingo
and Jantsch, Axel
and Attarzadeh-Niaki, Seyed-Hosein",
editor="Ha, Soonhoi
and Teich, J{\"u}rgen",
title="{ForSyDe}: System Design Using a Functional Language and Models of Computation",
bookTitle="Handbook of Hardware/Software Codesign",
year="2017",
publisher="Springer Netherlands",
OPTaddress="Dordrecht",
pages="99--140",
OPTabstract="The ForSyDe methodology aims to push system design to a higher level of abstraction by combining the functional programming paradigm with the theory of Models of Computation (MoCs). A key concept of ForSyDe is the use of higher-order functions as process constructors to create processes. This leads to well-defined and well-structured ForSyDe models and gives a solid base for formal analysis. The book chapter introduces the basic concepts of the ForSyDe modeling framework and presents libraries for several MoCs and MoC interfaces for the modeling of heterogeneous systems, including support for the modeling of run-time reconfigurable processes.",
OPTisbn="978-94-017-7267-9",
OPTdoi="10.1007/978-94-017-7267-9_5",
OPTurl="https://doi.org/10.1007/978-94-017-7267-9_5",
key = {ingo, forsyde}
}

@ARTICLE{LeeSan1998,
  author = {Edward A. Lee and Alberto Sangiovanni-Vincentelli},
  title = {A Framework for Comparing Models of Computation},
  journal = {{IEEE} Transactions on Computer-Aided Design of Integrated Circuits
	and Systems},
  year = {1998},
  volume = {17},
  pages = {1217-1229},
  number = {12},
  month = dec,
  where = {B.17}
}

@ARTICLE{JanSan2005a,
  author = {Axel Jantsch and Ingo Sander},
  title = {Models of computation and languages for embedded system design},
  journal = {IEE Proceedings on Computers and Digital Techniques},
  year = {2005},
  volume = {152},
  pages = {114--129},
  number = {2},
  month = mar,
  OPTnote = {Special issue on Electronic System Design},
  key = {Ingo, ForSyDe},
  OPTurl = {http://web.it.kth.se/~ingo/Papers/IEE2005-Proceedings.pdf}, 
  doi = {10.1049/ip-cdt:20045098}
}


@phdthesis{sander2003system,
  title={System modeling and design refinement in {ForSyDe}},
  author={Sander, Ingo},
  year={2003},
  school={Mikroelektronik och informationsteknik}
}

@incollection{wu2001transformational,
  title={Transformational System Design Based on Formal Computational Model and Skeletons},
  author={Wu, Wenbiao and Sander, Ingo and Jantsch, Axel},
  booktitle={System-on-Chip Methodologies \& Design Languages},
  pages={171--185},
  year={2001},
  publisher={Springer}
}

@article{gajski1995specification,
  title={Specification and design of embedded hardware-software systems},
  author={Gajski, Daniel D and Vahid, Frank},
  journal={IEEE Design \& Test of Computers},
  volume={12},
  number={1},
  pages={53--67},
  year={1995},
  publisher={IEEE}
}

@inproceedings{ungureanu2019formal,
  title={Formal design, co-simulation and validation of a radar signal processing system},
  author={Ungureanu, George and Sundstr{\"o}m, Timmy and {\AA}hlander, Anders and Sander, Ingo and S{\"o}derquist, Ingemar},
  booktitle={2019 Forum for Specification and Design Languages (FDL)},
  pages={1--8},
  year={2019},
  organization={IEEE}
}

@article{sander2004system,
  title={System modeling and transformational design refinement in {ForSyDe}},
  author={Sander, Ingo and Jantsch, Axel},
  journal={IEEE Transactions on Computer-Aided Design of Integrated Circuits and Systems},
  volume={23},
  number={1},
  pages={17--32},
  year={2004},
  publisher={IEEE}
}

@inproceedings{sifakis2014rigorous,
  title={Rigorous system design},
  author={Sifakis, Joseph},
  booktitle={Proceedings of the 2014 ACM symposium on Principles of distributed computing},
  pages={292--292},
  year={2014}
}

@inproceedings{kahng2009orion,
  title={{ORION 2.0}: A fast and accurate {NoC} power and area model for early-stage design space exploration},
  author={Kahng, Andrew B and Li, Bin and Peh, Li-Shiuan and Samadi, Kambiz},
  booktitle={2009 Design, Automation \& Test in Europe Conference \& Exhibition},
  pages={423--428},
  year={2009},
  organization={IEEE}
}

@article{balarin2003metropolis,
  title={{Metropolis}: An integrated electronic system design environment},
  author={Balarin, Felice and Watanabe, Yosinori and Hsieh, Harry and Lavagno, Luciano and Passerone, Claudio and Sangiovanni-Vincentelli, Alberto},
  journal={Computer},
  volume={36},
  number={4},
  pages={45--52},
  year={2003},
  publisher={IEEE}
}

@book{peng1991unified,
  title={A Unified Approach to Evaluation and Design of Hardware/Software Systems},
  author={Peng, Zebo and Fagerstr{\"o}m, Johan and Kuchcinski, Krzysztof},
  year={1991},
  publisher={Citeseer}
}


@book{grady2010system,
  title={System requirements analysis},
  author={Grady, Jeffrey O},
  year={2010},
  publisher={Elsevier}
}


@book{gajski2009embedded,
  title={Embedded system design: modeling, synthesis and verification},
  author={Gajski, Daniel D and Abdi, Samar and Gerstlauer, Andreas and Schirner, Gunar},
  year={2009},
  publisher={Springer Science \& Business Media}
}


@book{friedenthal2014practical,
  title={A practical guide to {SysML}: the systems modeling language},
  author={Friedenthal, Sanford and Moore, Alan and Steiner, Rick},
  year={2014},
  publisher={Morgan Kaufmann}
}


@inproceedings{de2001interface,
  title={Interface theories for component-based design},
  author={De Alfaro, Luca and Henzinger, Thomas A},
  booktitle={International Workshop on Embedded Software},
  pages={148--165},
  year={2001},
  organization={Springer}
}

@article{UngMed2021a,
 author = {George Ungureanu and {Jos\'{e} E. G.} {de Medeiros} and Timmy Sundstr\"om and Ingemar S\"oderquist and Anders {\AA}hlander and
Ingo Sander},
 title = {{ForSyDe-Atom}: Taming Complexity in Cyber Physical System Design with Layers},
 journal = {ACM Trans. Des. Autom. Electron. Syst.},
 publisher = {ACM},
 address = {New York, NY, USA},
 year = 2021,
 key = {forsyde, ingo}
}

@inproceedings{cesario2002component,
  title={Component-based design approach for multicore {SoCs}},
  author={Cesario, Wander and Baghdadi, Amer and Gauthier, Lovic and Lyonnard, Damien and Nicolescu, Gabriela and Paviot, Yanick and Yoo, Sungjoo and Jerraya, Ahmed Amine and Diaz-Nava, Mario},
  booktitle={Proceedings of the 39th annual Design Automation Conference},
  pages={789--794},
  year={2002}
}

@article{hendriks2020interface,
  title={Interface modeling for quality and resource management},
  author={Hendriks, Martijn and Geilen, Marc and Goossens, Kees and de Jong, Rob and Basten, Twan},
  journal={arXiv preprint arXiv:2002.08181},
  year={2020}
}


@inproceedings{geilen2011earlier,
  title={The earlier the better: A theory of timed actor interfaces},
  author={Geilen, Marc and Tripakis, Stavros and Wiggers, Maarten},
  booktitle={Proceedings of the 14th international conference on Hybrid systems: computation and control},
  pages={23--32},
  year={2011}
}


@inproceedings{forsberg1991relationship,
  title={The relationship of system engineering to the project cycle},
  author={Forsberg, Kevin and Mooz, Harold},
  booktitle={INCOSE International Symposium},
  volume={1},
  number={1},
  pages={57--65},
  year={1991},
  organization={Wiley Online Library}
}

@book{grout2011digital,
  title={Digital systems design with {FPGAs} and {CPLDs}},
  author={Grout, Ian},
  year={2011},
  publisher={Elsevier}
}

@MISC{ForSyDeIOWWW,
  title = {},
  note = {\url{https://forsyde.github.io/forsyde-io/}}
}


@article{blickle1998system,
  title={System-level synthesis using evolutionary algorithms},
  author={Blickle, Tobias and Teich, J{\"u}rgen and Thiele, Lothar},
  journal={Design Automation for Embedded Systems},
  volume={3},
  number={1},
  pages={23--58},
  year={1998},
  publisher={Springer}
}

@book{broy2012specification,
  title={Specification and development of interactive systems: focus on streams, interfaces, and refinement},
  author={Broy, Manfred and St{\o}len, Ketil},
  year={2012},
  publisher={Springer Science \& Business Media}
}

@article{nuzzo2015platform,
  title={A platform-based design methodology with contracts and related tools for the design of cyber-physical systems},
  author={Nuzzo, Pierluigi and Sangiovanni-Vincentelli, Alberto L and Bresolin, Davide and Geretti, Luca and Villa, Tiziano},
  journal={Proceedings of the IEEE},
  volume={103},
  number={11},
  pages={2104--2132},
  year={2015},
  publisher={IEEE}
}

@misc{attarzadeh2014framework,
  title={A Framework for Characterizing Predictable Platform Templates},
  author={Attarzadeh Niaki, Seyed Hosein and Mikulcak, Marcus and Robino, Francesco and Sander, Ingo},
  year={2014},
  publisher={KTH Royal Institute of Technology}
}

@article{chen2017challenges,
  title={Challenges and trends in modern {SoC} design verification},
  author={Chen, Wen and Ray, Sandip and Bhadra, Jayanta and Abadir, Magdy and Wang, Li-C},
  journal={IEEE Design \& Test},
  volume={34},
  number={5},
  pages={7--22},
  year={2017},
  publisher={IEEE}
}

@inproceedings{stuijk2006exploring,
  _add_by={rui},
  title={Exploring trade-offs in buffer requirements and throughput constraints for synchronous dataflow graphs},
  author={Stuijk, Sander and Geilen, Marc and Basten, Twan},
  booktitle={2006 43rd ACM/IEEE Design Automation Conference},
  pages={899--904},
  year={2006},
  organization={IEEE}
}

@article{johnson1998178b,
  title={{DO-178B}: Software considerations in airborne systems and equipment certification},
  author={Johnson, Leslie A and others},
  journal={Crosstalk, October},
  volume={199},
  pages={11--20},
  year={1998}
}

@article{landi2011arp4754a,
  title={{ARP4754A/ED-79A-}guidelines for development of civil aircraft and systems-enhancements, novelties and key topics},
  author={Landi, Alessandro and Nicholson, Mark},
  journal={SAE International Journal of Aerospace},
  volume={4},
  number={2011-01-2564},
  pages={871--879},
  year={2011}
}

@Book{diestel2010graph,
 author = {Diestel, Reinhard},
 title = {Graph theory},
 publisher = {Springer},
 year = {2010},
 address = {Heidelberg New York},
 isbn = {978-3-642-14278-9}
 }